<collection xmlns="http://www.loc.gov/MARC21/slim">
   <record>
      <leader>02812cam a2200553 i 4500</leader>
      <controlfield tag="001">6752355</controlfield>
      <controlfield tag="003">OCoLC</controlfield>
      <controlfield tag="005">20150530071749.2</controlfield>
      <controlfield tag="006">m     o  d        </controlfield>
      <controlfield tag="007">cr cn|||||||||</controlfield>
      <controlfield tag="008">140919t20152015caua    ob    001 0 eng d</controlfield>
      <datafield ind1=" " ind2=" " tag="020">
         <subfield code="a">9780124167285</subfield>
         <subfield code="q">e-book</subfield>
      </datafield>
      <datafield ind1=" " ind2=" " tag="020">
         <subfield code="a">0124167284</subfield>
         <subfield code="q">e-book</subfield>
      </datafield>
      <datafield ind1=" " ind2=" " tag="020">
         <subfield code="z">9780124167216</subfield>
         <subfield code="q">print</subfield>
      </datafield>
      <datafield ind1=" " ind2=" " tag="020">
         <subfield code="z">0124167217</subfield>
         <subfield code="q">print</subfield>
      </datafield>
      <datafield ind1=" " ind2=" " tag="035">
         <subfield code="a">ocn891396950</subfield>
      </datafield>
      <datafield ind1=" " ind2=" " tag="039">
         <subfield code="a">exclude</subfield>
      </datafield>
      <datafield ind1=" " ind2=" " tag="040">
         <subfield code="a">E7B</subfield>
         <subfield code="b">eng</subfield>
         <subfield code="e">rda</subfield>
         <subfield code="e">pn</subfield>
         <subfield code="c">E7B</subfield>
         <subfield code="d">OCLCO</subfield>
         <subfield code="d">YDXCP</subfield>
         <subfield code="d">UIU</subfield>
         <subfield code="d">CUS</subfield>
         <subfield code="d">OCLCF</subfield>
         <subfield code="d">MMU</subfield>
         <subfield code="d">UIU</subfield>
         <subfield code="d">AEU</subfield>
      </datafield>
      <datafield ind1=" " ind2="4" tag="050">
         <subfield code="a">RC280.B6</subfield>
      </datafield>
      <datafield ind1=" " ind2="4" tag="060">
         <subfield code="a">WE 258</subfield>
      </datafield>
      <datafield ind1="0" ind2="4" tag="082">
         <subfield code="a">616.99471</subfield>
         <subfield code="2">23</subfield>
      </datafield>
      <datafield ind1=" " ind2=" " tag="090">
         <subfield code="a">Internet Access</subfield>
         <subfield code="b">AEGMCT</subfield>
      </datafield>
      <datafield ind1=" " ind2=" " tag="090">
         <subfield code="a">Internet Access</subfield>
         <subfield code="b">AEU</subfield>
      </datafield>
      <datafield ind1="0" ind2="0" tag="245">
         <subfield code="a">Bone cancer :</subfield>
         <subfield code="b">primary bone cancers and bone metastases /</subfield>
         <subfield code="c">edited by Dominique Heymann.</subfield>
      </datafield>
      <datafield ind1=" " ind2=" " tag="250">
         <subfield code="a">Second edition.</subfield>
      </datafield>
      <datafield ind1=" " ind2="1" tag="264">
         <subfield code="a">San Diego, California ;</subfield>
         <subfield code="a">Waltham, Massachusetts :</subfield>
         <subfield code="b">Elsevier/Academic Press,</subfield>
         <subfield code="c">2015.</subfield>
      </datafield>
      <datafield ind1=" " ind2="4" tag="264">
         <subfield code="c">©2015</subfield>
      </datafield>
      <datafield ind1=" " ind2=" " tag="300">
         <subfield code="a">1 online resource.</subfield>
      </datafield>
      <datafield ind1=" " ind2=" " tag="336">
         <subfield code="a">text</subfield>
         <subfield code="2">rdacontent</subfield>
         <subfield code="0">http://id.loc.gov/vocabulary/contentTypes/txt</subfield>
      </datafield>
      <datafield ind1=" " ind2=" " tag="337">
         <subfield code="a">computer</subfield>
         <subfield code="2">rdamedia</subfield>
         <subfield code="0">http://id.loc.gov/vocabulary/mediaTypes/c</subfield>
      </datafield>
      <datafield ind1=" " ind2=" " tag="338">
         <subfield code="a">online resource</subfield>
         <subfield code="2">rdacarrier</subfield>
         <subfield code="0">http://id.loc.gov/vocabulary/carriers/cr</subfield>
      </datafield>
      <datafield ind1=" " ind2=" " tag="500">
         <subfield code="a">"Elsevier science &amp; technology books."</subfield>
      </datafield>
      <datafield ind1=" " ind2=" " tag="504">
         <subfield code="a">Includes bibliographical references and index.</subfield>
      </datafield>
      <datafield ind1=" " ind2=" " tag="506">
         <subfield code="a">Access restricted to authorized users and institutions.</subfield>
      </datafield>
      <datafield ind1="0" ind2=" " tag="588">
         <subfield code="a">Online resource; title from electronic title page (ClinicalKey, viewed on April 14, 2015).</subfield>
      </datafield>
      <datafield ind1=" " ind2=" " tag="596">
         <subfield code="a">44 57</subfield>
      </datafield>
      <datafield ind1=" " ind2="0" tag="650">
         <subfield code="a">Bones</subfield>
         <subfield code="x">Cancer.</subfield>
         <subfield code="0">http://id.loc.gov/authorities/subjects/sh85015544</subfield>
      </datafield>
      <datafield ind1=" " ind2="0" tag="650">
         <subfield code="a">Bone metastasis.</subfield>
         <subfield code="0">http://id.loc.gov/authorities/subjects/sh90003139</subfield>
      </datafield>
      <datafield ind1="1" ind2="2" tag="650">
         <subfield code="a">Bone Neoplasms.</subfield>
         <subfield code="0">http://id.nlm.nih.gov/mesh/D001859</subfield>
      </datafield>
      <datafield ind1="1" ind2=" " tag="700">
         <subfield code="a">Heymann, Dominique,</subfield>
         <subfield code="e">editor.</subfield>
         <subfield code="0">http://id.loc.gov/authorities/names/nb2009029982</subfield>
         <subfield code="0">http://viaf.org/viaf/54406429</subfield>
      </datafield>
      <datafield ind1=" " ind2=" " tag="758">
         <subfield code="0">http://worldcat.org/entity/work/id/1882167402</subfield>
      </datafield>
      <datafield ind1="0" ind2=" " tag="787">
         <subfield code="n">OCLC Work Id</subfield>
         <subfield code="o">http://worldcat.org/entity/work/id/1882167402</subfield>
      </datafield>
      <datafield ind1="4" ind2="0" tag="856">
         <subfield code="3">MacEwan University Access</subfield>
         <subfield code="u">http://www.sciencedirect.com/science/book/9780124167216</subfield>
         <subfield code="z">(Unlimited Concurrent Users)</subfield>
      </datafield>
      <datafield ind1="4" ind2="0" tag="856">
         <subfield code="3">University of Alberta Access</subfield>
         <subfield code="u">https://www.clinicalkey.com/dura/browse/bookChapter/3-s2.0-C20130001442</subfield>
         <subfield code="z">(Unlimited Concurrent Users)</subfield>
      </datafield>
      <datafield ind1="4" ind2="0" tag="856">
         <subfield code="3">University of Alberta Access</subfield>
         <subfield code="u">http://www.sciencedirect.com/science/book/9780124167216</subfield>
         <subfield code="z">(Unlimited Concurrent Users)</subfield>
      </datafield>
      <datafield ind1=" " ind2=" " tag="949">
         <subfield code="h">UAIN</subfield>
         <subfield code="m">GR_MAC_INT</subfield>
         <subfield code="z">SCIDIRCOGM</subfield>
      </datafield>
      <datafield ind1=" " ind2=" " tag="926">
         <subfield code="a">Internet Access</subfield>
         <subfield code="w">LC</subfield>
         <subfield code="c">1</subfield>
         <subfield code="i">6752355-1001</subfield>
         <subfield code="l">INTERNET</subfield>
         <subfield code="m">UAINTERNET</subfield>
         <subfield code="r">Y</subfield>
         <subfield code="s">Y</subfield>
         <subfield code="t">E-RESOURCE</subfield>
         <subfield code="u">12/3/2014</subfield>
         <subfield code="x">E-BOOK</subfield>
         <subfield code="z">SCIDIRECT</subfield>
      </datafield>
      <datafield ind1=" " ind2=" " tag="926">
         <subfield code="a">Internet Access</subfield>
         <subfield code="w">LC</subfield>
         <subfield code="c">2</subfield>
         <subfield code="i">6752355-1002</subfield>
         <subfield code="l">INTERNET</subfield>
         <subfield code="m">UAINTERNET</subfield>
         <subfield code="r">Y</subfield>
         <subfield code="s">Y</subfield>
         <subfield code="t">E-RESOURCE</subfield>
         <subfield code="u">6/1/2015</subfield>
         <subfield code="x">E-BOOK</subfield>
         <subfield code="z">CKEY</subfield>
      </datafield>
      <datafield ind1=" " ind2=" " tag="926">
         <subfield code="a">Internet Access</subfield>
         <subfield code="w">LC</subfield>
         <subfield code="c">1</subfield>
         <subfield code="i">6752355-2001</subfield>
         <subfield code="l">INTERNET</subfield>
         <subfield code="m">GR_MAC_INT</subfield>
         <subfield code="r">Y</subfield>
         <subfield code="s">Y</subfield>
         <subfield code="t">E-RESOURCE</subfield>
         <subfield code="u">7/9/2015</subfield>
         <subfield code="x">E-BOOK</subfield>
         <subfield code="z">SCIDIRCOGM</subfield>
      </datafield>
   </record>
</collection>
